%% This BibTeX bibliography file was created using BibDesk.
%% http://bibdesk.sourceforge.net/


%% Created for Andrew Wallace at 2016-01-30 20:41:28 -0500 


%% Saved with string encoding Unicode (UTF-8) 



@techreport{NCES2011,
	Address = {https://www2.ed.gov/rschstat/research/pubs/prinindicat/prinindicat.pdf},
	Author = {NCES},
	Date-Added = {2016-01-31 01:36:51 +0000},
	Date-Modified = {2016-01-31 01:41:28 +0000},
	Institution = {Institute of Education Sciences, National Center for Education Statistics},
	Title = {Six-Year Attainment, Persistence, Transfer, Retention, and Withdrawal Rates of Students Who Began Postsecondary Education in 2003--04},
	Year = {2011}}

@webpage{CUNYOIRA2012,
	Author = {CUNY},
	Date-Added = {2015-04-18 17:36:12 +0000},
	Date-Modified = {2015-04-18 17:44:40 +0000},
	Howpublished = {\url{http://owl.cuny.edu:7778/RTGS_0001_FT_FTFR_ASSOC_TOT_UNIV.rpt.pdf}},
	Keywords = {CUNY},
	Lastchecked = {February 3rd},
	Month = {February},
	Note = {Accessed February 3, 2013},
	Title = {System Retention and Graduation Rates of Full-time First-time Freshmen in Associate Programs by Year of Entry},
	Urldate = {February 3, 2013},
	Year = {2013}}

@article{yucel2004practical,
	Author = {Yucel, Recai M and Zaslavsky, A},
	Date-Added = {2015-04-18 17:28:20 +0000},
	Date-Modified = {2015-04-18 17:28:20 +0000},
	Journal = {JSM Proceedings, Survey Research Methods Section},
	Pages = {4679--4683},
	Title = {Practical suggestions on rounding in multiple imputation},
	Year = {2004}}

@article{horton2003potential,
	Author = {Horton, Nicholas J and Lipsitz, Stuart R and Parzen, Michael},
	Date-Added = {2015-04-18 17:27:24 +0000},
	Date-Modified = {2015-04-18 17:27:24 +0000},
	Journal = {The American Statistician},
	Number = {4},
	Pages = {229--232},
	Publisher = {Taylor \&amp; Francis},
	Title = {A potential for bias when rounding in multiple imputation},
	Volume = {57},
	Year = {2003}}

@article{bodner2008improves,
	Author = {Bodner, Todd E},
	Date-Added = {2015-04-18 17:19:32 +0000},
	Date-Modified = {2015-04-18 17:19:32 +0000},
	Journal = {Structural Equation Modeling},
	Number = {4},
	Pages = {651--675},
	Publisher = {Taylor \&amp; Francis},
	Title = {What improves with increased missing data imputations?},
	Volume = {15},
	Year = {2008}}

@article{cataldi20112008,
	Author = {Cataldi, Emily Forrest and Green, Caitlin and Henke, Robin and Lew, Terry and Woo, Jennie and Shepherd, Bryan and Siegel, Peter},
	Date-Added = {2015-03-17 20:44:19 +0000},
	Date-Modified = {2015-04-23 22:46:44 +0000},
	Journal = {National Center for Education Statistics},
	Publisher = {ERIC},
	Title = {2008-09 Baccalaureate and Beyond Longitudinal Study (BB: 08/09). First Look. NCES 2011-236.},
	Year = {2011}}

@book{shavit2007stratification,
	Address = {Stanford, CA},
	Author = {Shavit, Yossi and Arum, Richard and Gamoran, Adam},
	Date-Added = {2015-03-07 17:49:49 +0000},
	Date-Modified = {2015-04-28 01:33:10 +0000},
	Publisher = {Stanford University Press},
	Title = {Stratification in higher education: A comparative study},
	Year = {2007}}

@article{perin2006can,
	Author = {Perin, Dolores},
	Date-Added = {2015-03-07 17:47:14 +0000},
	Date-Modified = {2015-03-07 17:47:14 +0000},
	Journal = {The Teachers College Record},
	Number = {3},
	Pages = {339--373},
	Publisher = {Teachers College Record},
	Title = {Can community colleges protect both access and standards? The problem of remediation},
	Volume = {108},
	Year = {2006}}

@article{karen2002changes,
	Author = {Karen, David},
	Date-Added = {2015-03-07 17:44:36 +0000},
	Date-Modified = {2015-03-07 17:44:36 +0000},
	Journal = {Sociology of Education},
	Pages = {191--210},
	Publisher = {JSTOR},
	Title = {Changes in access to higher education in the United States: 1980-1992},
	Year = {2002}}

@book{allison2002missing,
	Address = {Thousand Oaks, CA},
	Author = {Allison, Paul D},
	Date-Added = {2015-03-07 04:00:14 +0000},
	Date-Modified = {2015-04-28 01:03:25 +0000},
	Publisher = {Sage publications},
	Series = {Quantitative Applications in the Social Sciences},
	Title = {Missing data},
	Volume = {136},
	Year = {2002}}

@book{arum2011academically,
	Author = {Arum, Richard and Roksa, Josipa},
	Date-Added = {2015-03-06 04:21:04 +0000},
	Date-Modified = {2015-03-06 04:21:04 +0000},
	Publisher = {University of Chicago Press},
	Title = {Academically adrift: Limited learning on college campuses},
	Year = {2011}}

@article{stasio2013rethinking,
	Author = {Stasio Jr, Joseph R},
	Date-Added = {2015-03-06 04:20:07 +0000},
	Date-Modified = {2015-03-06 04:20:07 +0000},
	Journal = {Pedagogy and the Human Sciences},
	Number = {3},
	Pages = {33--49},
	Title = {Rethinking Assessment: Understanding How the Millennial Generation Learns in the College Classroom},
	Volume = {1},
	Year = {2013}}

@article{rubin1996multiple,
	Author = {Rubin, Donald B},
	Date-Added = {2015-03-03 14:19:26 +0000},
	Date-Modified = {2015-03-03 14:19:26 +0000},
	Journal = {Journal of the American Statistical Association},
	Number = {434},
	Pages = {473--489},
	Publisher = {Taylor \&amp; Francis},
	Title = {Multiple imputation after 18+ years},
	Volume = {91},
	Year = {1996}}

@book{kenneth1994typologies,
	Author = {Kenneth D. Bailey},
	Date-Added = {2015-03-03 14:18:20 +0000},
	Date-Modified = {2015-03-03 14:18:20 +0000},
	Publisher = {Sage},
	Title = {Typologies and taxonomies: an introduction to classification techniques},
	Volume = {102},
	Year = {1994}}

@article{dougherty2006relationship,
	Author = {Dougherty, Chrys and Mellor, Lynn and Jian, Shuling},
	Date-Added = {2015-03-01 00:23:16 +0000},
	Date-Modified = {2015-03-01 00:23:16 +0000},
	Journal = {National Center for Educational Accountability},
	Publisher = {ERIC},
	Title = {The Relationship between Advanced Placement and College Graduation. 2005 AP Study Series, Report 1.},
	Year = {2006}}

@article{alon2005assessing,
	Author = {Alon, Sigal and Tienda, Marta},
	Date-Added = {2015-03-01 00:21:20 +0000},
	Date-Modified = {2015-03-01 00:21:20 +0000},
	Journal = {Sociology of education},
	Number = {4},
	Pages = {294--315},
	Publisher = {SAGE Publications},
	Title = {Assessing the ``mismatch'' hypothesis: Differences in college graduation rates by institutional selectivity},
	Volume = {78},
	Year = {2005}}

@article{panos1968attrition,
	Author = {Panos, Robert J and Astin, Alexander W},
	Date-Added = {2015-03-01 00:19:09 +0000},
	Date-Modified = {2015-03-01 00:19:09 +0000},
	Journal = {American Educational Research Journal},
	Pages = {57--72},
	Publisher = {JSTOR},
	Title = {Attrition among college students},
	Year = {1968}}

@article{bayer1968college,
	Author = {Bayer, Alan E},
	Date-Added = {2015-03-01 00:17:08 +0000},
	Date-Modified = {2015-04-28 01:06:44 +0000},
	Journal = {Sociology of Education},
	Number = {3},
	Pages = {305--316},
	Publisher = {American Sociological Association},
	Title = {The college drop-out: Factors affecting senior college completion},
	Volume = {41},
	Year = {1968}}

@book{bowen1998shape,
	Author = {Bowen, William G and Bok, Derek},
	Date-Added = {2015-02-28 23:16:08 +0000},
	Date-Modified = {2015-02-28 23:16:08 +0000},
	Publisher = {ERIC},
	Title = {The Shape of the River. Long-Term Consequences of Considering Race in College and University Admissions.},
	Year = {1998}}

@book{massey2011source,
	Address = {Princeton, NJ},
	Author = {Massey, Douglas S and Charles, Camille Z and Lundy, Garvey and Fischer, Mary J},
	Date-Added = {2015-02-28 23:15:19 +0000},
	Date-Modified = {2015-04-28 01:28:51 +0000},
	Publisher = {Princeton University Press},
	Title = {The source of the river: The social origins of freshmen at America's selective colleges and universities},
	Year = {2011}}

@book{tinto1987leaving,
	Address = {Chicago, IL},
	Author = {Tinto, Vincent},
	Date-Added = {2015-02-28 22:51:41 +0000},
	Date-Modified = {2015-04-28 01:34:56 +0000},
	Publisher = {University of Chicago Press},
	Title = {Leaving college: Rethinking the causes and cures of student attrition.},
	Year = {1987}}

@techreport{NCES2014,
	Address = {Washington DC},
	Author = {Snyder, T.D. and Dillow, S.A.},
	Date-Added = {2015-02-28 22:32:28 +0000},
	Date-Modified = {2015-02-28 22:41:05 +0000},
	Institution = {National Center for Education Statistics, Institute of Education Sciences, U.S. Department of Education},
	Title = {Digest of Education Statistics 2012 (NCES 2014-015)},
	Year = {2013}}

@webpage{BreimanRforest,
	Author = {Breiman, Leo and Culter, Adele},
	Date-Added = {2015-02-23 03:35:04 +0000},
	Date-Modified = {2015-04-28 01:41:00 +0000},
	Howpublished = {\url{http://www.stat.berkeley.edu/~breiman/RandomForests/cc_home.htm}},
	Keywords = {Random Forests},
	Lastchecked = {February 22nd, 2015},
	Month = {February},
	Note = {Accessed February 22nd, 2015},
	Title = {Random Forests},
	Urldate = {February 22nd, 2015},
	Year = {2015},
	Bdsk-Url-1 = {http://www.stat.berkeley.edu/~breiman/RandomForests/cc_home.htm}}

@article{Liaw:2002aa,
	Author = {Andy Liaw and Matthew Wiener},
	Date-Added = {2015-02-23 03:14:21 +0000},
	Date-Modified = {2015-02-23 03:14:25 +0000},
	Journal = {R News},
	Number = {3},
	Pages = {18-22},
	Title = {Classification and Regression by randomForest},
	Url = {http://CRAN.R-project.org/doc/Rnews/},
	Volume = {2},
	Year = {2002},
	Bdsk-Url-1 = {http://CRAN.R-project.org/doc/Rnews/}}

@article{thomas2005post,
	Author = {Thomas, Scott L and Zhang, Liang},
	Date-Added = {2015-02-21 22:53:58 +0000},
	Date-Modified = {2015-02-21 22:53:58 +0000},
	Journal = {Research in Higher Education},
	Number = {4},
	Pages = {437--459},
	Publisher = {Springer},
	Title = {Post-baccalaureate wage growth within four years of graduation: The effects of college quality and college major},
	Volume = {46},
	Year = {2005}}

@article{marcotte2005returns,
	Author = {Marcotte, Dave E and Bailey, Thomas and Borkoski, Carey and Kienzl, Greg S},
	Date-Added = {2015-02-21 22:50:28 +0000},
	Date-Modified = {2015-02-21 22:50:28 +0000},
	Journal = {Educational Evaluation and Policy Analysis},
	Number = {2},
	Pages = {157--175},
	Publisher = {SAGE Publications},
	Title = {The returns of a community college education: Evidence from the National Education Longitudinal Survey},
	Volume = {27},
	Year = {2005}}

@article{grubb1992economic,
	Author = {Grubb, W Norton},
	Date-Added = {2015-02-21 22:46:07 +0000},
	Date-Modified = {2015-02-21 22:46:07 +0000},
	Journal = {Review of Higher Education},
	Number = {2},
	Pages = {213--31},
	Publisher = {ERIC},
	Title = {The Economic Returns to Baccalaureate Degrees: New Evidence from the Class of 1972.},
	Volume = {15},
	Year = {1992}}

@article{grubb2005vocationalism,
	Author = {Grubb, W Norton and Lazerson, Marvin},
	Date-Added = {2015-02-21 22:36:15 +0000},
	Date-Modified = {2015-02-21 22:36:15 +0000},
	Journal = {The Journal of Higher Education},
	Number = {1},
	Pages = {1--25},
	Publisher = {The Ohio State University Press},
	Title = {Vocationalism in higher education: The triumph of the education gospel},
	Volume = {76},
	Year = {2005}}

@article{haveman2006role,
	Author = {Haveman, Robert H and Smeeding, Timothy M},
	Date-Added = {2015-02-21 22:32:25 +0000},
	Date-Modified = {2015-02-21 22:32:25 +0000},
	Journal = {The Future of children},
	Number = {2},
	Pages = {125--150},
	Publisher = {Princeton University},
	Title = {The role of higher education in social mobility},
	Volume = {16},
	Year = {2006}}

@book{attewell2007passing,
	Address = {New York, NY},
	Author = {Attewell, Paul and Lavin, David},
	Date-Added = {2015-02-17 05:04:06 +0000},
	Date-Modified = {2015-04-28 01:05:17 +0000},
	Publisher = {Russell Sage Foundation},
	Title = {Passing the torch: Does higher education for the disadvantaged pay off across the generations?},
	Year = {2007}}

@article{attewell2012academic,
	Author = {Attewell, Paul and Heil, Scott and Reisel, Liza},
	Date-Added = {2015-02-17 05:02:53 +0000},
	Date-Modified = {2015-02-17 05:02:53 +0000},
	Journal = {Educational Evaluation and Policy Analysis},
	Number = {1},
	Pages = {27--44},
	Publisher = {Sage Publications},
	Title = {What is academic momentum? And does it matter?},
	Volume = {34},
	Year = {2012}}

@book{adelman2006toolbox,
	Address = {Washington, D.C.},
	Author = {Adelman, Clifford},
	Date-Added = {2015-02-17 05:01:56 +0000},
	Date-Modified = {2015-04-28 01:02:21 +0000},
	Journal = {US Department of Education},
	Publisher = {ERIC},
	Title = {The Toolbox Revisited: Paths to Degree Completion From High School Through College.},
	Year = {2006}}

@webpage{CUNY2015,
	Author = {CUNY},
	Date-Added = {2015-02-17 04:55:21 +0000},
	Date-Modified = {2015-03-17 19:57:54 +0000},
	Howpublished = {http://www.cuny.edu/about/resources/sustainability.html},
	Keywords = {CUNY},
	Lastchecked = {February 16th},
	Month = {February},
	Note = {Accessed February 16th, 2015},
	Title = {Sustainable CUNY},
	Urldate = {February 16th, 2015},
	Year = {2015},
	Bdsk-Url-1 = {http://www.cuny.edu/about/resources/sustainability.html}}

@article{posselt2012access,
	Author = {Posselt, Julie Renee and Jaquette, Ozan and Bielby, Rob and Bastedo, Michael N},
	Date-Added = {2015-02-17 04:48:47 +0000},
	Date-Modified = {2015-02-17 04:48:47 +0000},
	Journal = {American Educational Research Journal},
	Number = {6},
	Pages = {1074--1111},
	Publisher = {Sage Publications},
	Title = {Access Without Equity Longitudinal Analyses of Institutional Stratification by Race and Ethnicity, 1972--2004},
	Volume = {49},
	Year = {2012}}

@article{lavin2000policy,
	Author = {Lavin, David E},
	Date-Added = {2015-02-17 04:47:51 +0000},
	Date-Modified = {2015-02-17 04:47:51 +0000},
	Journal = {American Behavioral Scientist},
	Number = {7},
	Pages = {1139--1158},
	Publisher = {Sage Publications},
	Title = {Policy Change and Access to 2-and 4-Year Colleges The Case of the City University of New York},
	Volume = {43},
	Year = {2000}}

@article{gerber2008horizontal,
	Author = {Gerber, Theodore P and Cheung, Sin Yi},
	Date-Added = {2015-02-17 04:47:08 +0000},
	Date-Modified = {2015-04-23 22:50:43 +0000},
	Journal = {Annual Review of Sociology},
	Pages = {299--318},
	Publisher = {Annual Reviews},
	Title = {Horizontal stratification in postsecondary education: forms, explanations, and implications},
	Volume = {34},
	Year = {2008}}

@article{buchmann2008gender,
	Author = {Buchmann, Claudia and DiPrete, Thomas A and McDaniel, Anne},
	Date-Added = {2015-02-17 04:46:14 +0000},
	Date-Modified = {2015-04-23 22:44:37 +0000},
	Journal = {Annual Review of Sociology},
	Pages = {319--337},
	Publisher = {Annual Reviews},
	Title = {Gender Inequalities in Education},
	Volume = {34},
	Year = {2008}}

@book{goldin2009race,
	Address = {Cambridge, MA},
	Author = {Goldin, Claudia Dale and Katz, Lawrence F},
	Date-Added = {2015-02-17 04:41:23 +0000},
	Date-Modified = {2015-04-28 01:23:17 +0000},
	Publisher = {Harvard University Press},
	Title = {The race between education and technology},
	Year = {2009}}

@article{goldin2001legacy,
	Author = {Goldin, Claudia and Katz, Lawrence F},
	Date-Added = {2015-02-17 04:40:36 +0000},
	Date-Modified = {2015-02-17 04:40:36 +0000},
	Journal = {American Economic Review},
	Pages = {18--23},
	Publisher = {JSTOR},
	Title = {The legacy of US educational leadership: Notes on distribution and economic growth in the 20th century},
	Year = {2001}}

@article{schofer2005worldwide,
	Author = {Schofer, Evan and Meyer, John W},
	Date-Added = {2015-02-17 04:36:31 +0000},
	Date-Modified = {2015-02-17 04:36:31 +0000},
	Journal = {American sociological review},
	Number = {6},
	Pages = {898--920},
	Publisher = {Sage Publications},
	Title = {The worldwide expansion of higher education in the twentieth century},
	Volume = {70},
	Year = {2005}}

@article{gabadinho2013searching,
	Author = {Gabadinho, Alexis and Ritschard, Gilbert},
	Date-Added = {2015-02-15 21:12:03 +0000},
	Date-Modified = {2015-02-15 21:12:03 +0000},
	Journal = {Gendered life courses-Between individualization and standardization. A European approach applied to Switzerland},
	Number = {2013},
	Pages = {287--312},
	Publisher = {Citeseer},
	Title = {Searching for typical life trajectories applied to childbirth histories},
	Year = {2013}}

@book{everitt2001m,
	Address = {London, UK},
	Author = {Everitt, BS and Landau, Sabine and Leese, Morven and Stahl, Daniel},
	Date-Added = {2015-02-14 23:27:33 +0000},
	Date-Modified = {2015-04-28 01:19:24 +0000},
	Publisher = {Wiley},
	Title = {Cluster Analysis},
	Year = {2001}}

@article{murtagh2014ward,
	Author = {Murtagh, Fionn and Legendre, Pierre},
	Date-Added = {2015-02-14 22:55:17 +0000},
	Date-Modified = {2015-02-14 22:55:17 +0000},
	Journal = {Journal of Classification},
	Number = {3},
	Pages = {274--295},
	Publisher = {Springer},
	Title = {Ward's Hierarchical Agglomerative Clustering Method: Which Algorithms Implement Ward's Criterion?},
	Volume = {31},
	Year = {2014}}

@article{gauthier2009much,
	Author = {Gauthier, Jacques-Antoine and Widmer, Eric D and Bucher, Philipp and Notredame, C{\'e}dric},
	Date-Added = {2015-02-14 22:46:01 +0000},
	Date-Modified = {2015-04-23 22:50:26 +0000},
	Journal = {Sociological Methods and Research},
	Number = {1},
	Pages = {197--231},
	Publisher = {Sage Publications},
	Title = {How much does it cost? Optimization of costs in sequence analysis of social science data},
	Volume = {38},
	Year = {2009}}

@article{schoenfeld1982partial,
	Author = {Schoenfeld, David},
	Date-Added = {2015-02-11 05:29:10 +0000},
	Date-Modified = {2015-02-11 05:29:10 +0000},
	Journal = {Biometrika},
	Number = {1},
	Pages = {239--241},
	Publisher = {Biometrika Trust},
	Title = {Partial residuals for the proportional hazards regression model},
	Volume = {69},
	Year = {1982}}

@book{cleves2008introduction,
	Address = {College Station, TX},
	Author = {Cleves, Mario and Gould, William and Guitierrez, Roberto and Marchenko, Yulia},
	Date-Added = {2015-02-11 03:48:27 +0000},
	Date-Modified = {2015-04-28 01:16:21 +0000},
	Publisher = {Stata Press},
	Title = {An introduction to survival analysis using Stata},
	Year = {2008}}

@article{harrington1982class,
	Author = {Harrington, David P and Fleming, Thomas R},
	Date-Added = {2015-02-10 03:30:31 +0000},
	Date-Modified = {2015-02-10 03:30:31 +0000},
	Journal = {Biometrika},
	Number = {3},
	Pages = {553--566},
	Publisher = {Biometrika Trust},
	Title = {A class of rank test procedures for censored survival data},
	Volume = {69},
	Year = {1982}}

@article{prentice1978linear,
	Author = {Prentice, Ross L},
	Date-Added = {2015-02-10 03:27:24 +0000},
	Date-Modified = {2015-02-10 03:27:24 +0000},
	Journal = {Biometrika},
	Number = {1},
	Pages = {167--179},
	Publisher = {Biometrika Trust},
	Title = {Linear rank tests with right censored data},
	Volume = {65},
	Year = {1978}}

@article{peto1972asymptotically,
	Author = {Peto, Richard and Peto, Julian},
	Date-Added = {2015-02-10 03:26:04 +0000},
	Date-Modified = {2015-02-10 03:26:04 +0000},
	Journal = {Journal of the Royal Statistical Society. Series A (General)},
	Pages = {185--207},
	Publisher = {JSTOR},
	Title = {Asymptotically efficient rank invariant test procedures},
	Year = {1972}}

@article{tarone1977distribution,
	Author = {Tarone, Robert E and Ware, James},
	Date-Added = {2015-02-10 03:24:14 +0000},
	Date-Modified = {2015-02-10 03:24:14 +0000},
	Journal = {Biometrika},
	Number = {1},
	Pages = {156--160},
	Publisher = {Biometrika Trust},
	Title = {On distribution-free tests for equality of survival distributions},
	Volume = {64},
	Year = {1977}}

@article{gehan1965generalized,
	Author = {Gehan, Edmund A},
	Date-Added = {2015-02-10 03:10:32 +0000},
	Date-Modified = {2015-02-10 03:10:32 +0000},
	Journal = {Biometrika},
	Number = {1-2},
	Pages = {203--223},
	Publisher = {Biometrika Trust},
	Title = {A generalized Wilcoxon test for comparing arbitrarily singly-censored samples},
	Volume = {52},
	Year = {1965}}

@article{breslow1970generalized,
	Author = {Breslow, Norman},
	Date-Added = {2015-02-10 03:06:52 +0000},
	Date-Modified = {2015-02-10 03:06:52 +0000},
	Journal = {Biometrika},
	Number = {3},
	Pages = {579--594},
	Publisher = {Biometrika Trust},
	Title = {A generalized Kruskal-Wallis test for comparing K samples subject to unequal patterns of censorship},
	Volume = {57},
	Year = {1970}}

@article{mantel1959statistical,
	Author = {Mantel, Nathan and Haenszel, William},
	Date-Added = {2015-02-10 02:59:19 +0000},
	Date-Modified = {2015-02-10 02:59:19 +0000},
	Journal = {J natl cancer inst},
	Number = {4},
	Pages = {719--748},
	Title = {Statistical aspects of the analysis of data from retrospective studies},
	Volume = {22},
	Year = {1959}}

@article{strobl2009,
	Author = {Strobl, Carolin and Malley, James and Tutz, Gerhard},
	Date-Added = {2014-11-26 19:48:06 +0000},
	Date-Modified = {2014-11-26 19:48:22 +0000},
	Journal = {Psychological methods},
	Number = {4},
	Pages = {323},
	Publisher = {American Psychological Association},
	Title = {An introduction to recursive partitioning: rationale, application, and characteristics of classification and regression trees, bagging, and random forests.},
	Volume = {14},
	Year = {2009}}

@article{kass1980,
	Author = {Kass, Gordon V},
	Date-Added = {2014-11-26 19:29:50 +0000},
	Date-Modified = {2014-11-26 19:30:03 +0000},
	Journal = {Applied statistics},
	Pages = {119--127},
	Publisher = {JSTOR},
	Title = {An exploratory technique for investigating large quantities of categorical data},
	Year = {1980}}

@article{hothorn2006,
	Author = {Hothorn, Torsten and Hornik, Kurt and Zeileis, Achim},
	Date-Added = {2014-11-26 18:59:07 +0000},
	Date-Modified = {2014-11-26 18:59:26 +0000},
	Journal = {Journal of Computational and Graphical statistics},
	Number = {3},
	Pages = {651--674},
	Publisher = {Taylor \&amp; Francis},
	Title = {Unbiased recursive partitioning: A conditional inference framework},
	Volume = {15},
	Year = {2006}}

@book{BreimanCART,
	Address = {Boca Raton, Fl},
	Author = {Breiman, Leo and Friedman, Jerome and Stone, Chales and Ohlsen, R. A.},
	Date-Added = {2014-11-26 18:34:14 +0000},
	Date-Modified = {2015-04-28 01:13:58 +0000},
	Publisher = {Chapman and Hall},
	Title = {Classification and Regression Trees},
	Year = {1984}}

@webpage{dependencyStatus,
	Author = {USDOE},
	Date-Added = {2014-11-14 03:40:48 +0000},
	Date-Modified = {2015-04-28 01:36:46 +0000},
	Howpublished = {https://studentaid.ed.gov/glossary},
	Keywords = {Student Aid Dependent},
	Lastchecked = {11/13/2014},
	Month = {November},
	Note = {Accessed November 13th, 2014},
	Title = {Federal Student Aid Glossary},
	Type = {Website},
	Urldate = {November 13th, 2014},
	Year = {2014}}

@article{graham2007many,
	Author = {Graham, John W and Olchowski, Allison E and Gilreath, Tamika D},
	Date-Added = {2014-10-27 17:29:33 +0000},
	Date-Modified = {2014-10-27 17:29:33 +0000},
	Journal = {Prevention Science},
	Number = {3},
	Pages = {206--213},
	Publisher = {Springer},
	Title = {How many imputations are really needed? Some practical clarifications of multiple imputation theory},
	Volume = {8},
	Year = {2007}}

@misc{allisonMI,
	Author = {Allison, Paul},
	Date-Added = {2014-10-27 17:25:46 +0000},
	Date-Modified = {2014-10-27 17:39:08 +0000},
	Howpublished = {http://www.statisticalhorizons.com/more-imputations},
	Number = {November 9},
	Title = {Why You Probably Need More Imputations Than You Think},
	Type = {Blog},
	Year = {2012}}

@article{schafer1999multiple,
	Author = {Schafer, Joseph L},
	Date-Added = {2014-10-27 17:20:46 +0000},
	Date-Modified = {2014-10-27 17:20:46 +0000},
	Journal = {Statistical methods in medical research},
	Number = {1},
	Pages = {3--15},
	Publisher = {SAGE Publications},
	Title = {Multiple imputation: a primer},
	Volume = {8},
	Year = {1999}}

@article{liMCAR,
	Author = {Li, Cheng},
	Date-Added = {2014-10-27 16:53:25 +0000},
	Date-Modified = {2014-10-27 16:53:52 +0000},
	Journal = {The Stata Journal},
	Pages = {795},
	Title = {Little's test of missing completely at random},
	Year = {2013}}

@article{little1988test,
	Author = {Little, Roderick JA},
	Date-Added = {2014-10-27 16:51:41 +0000},
	Date-Modified = {2014-10-27 16:51:41 +0000},
	Journal = {Journal of the American Statistical Association},
	Number = {404},
	Pages = {1198--1202},
	Publisher = {Taylor \&amp; Francis},
	Title = {A test of missing completely at random for multivariate data with missing values},
	Volume = {83},
	Year = {1988}}

@book{mcknightMissing,
	Address = {New York, NY},
	Author = {McKnight, Patrick E and McKnight, Katherine M and Sidani, Souraya and Figueredo, Aurelio Jose},
	Date-Added = {2014-10-27 16:43:54 +0000},
	Date-Modified = {2015-04-28 01:29:34 +0000},
	Publisher = {Guilford Press},
	Title = {Missing data: A gentle introduction},
	Year = {2007}}

@misc{allisonIIA,
	Author = {Allison, Paul},
	Date-Added = {2014-10-27 15:04:09 +0000},
	Date-Modified = {2014-10-27 17:40:21 +0000},
	Howpublished = {http://www.statisticalhorizons.com/iia},
	Keywords = {IIA Multinomial Logit},
	Lastchecked = {10/27/2014},
	Number = {October 8},
	Title = {How Relevant is the Independence of Irrelevant Alternatives?},
	Type = {Blog},
	Year = {2012}}

@book{long2014,
	Address = {College Station, TX},
	Author = {Long, J Scott and Freese, Jeremy},
	Date-Added = {2014-10-27 14:50:36 +0000},
	Date-Modified = {2015-04-28 01:28:05 +0000},
	Edition = {Third},
	Publisher = {Stata press},
	Title = {Regression models for categorical dependent variables using Stata},
	Year = {2014}}

@article{gabadinho2011,
	Author = {Gabadinho, Alexis and Ritschard, Gilbert and Mueller, Nicolas S{\'e}verin and Studer, Matthias},
	Date-Added = {2014-10-10 18:31:07 +0000},
	Date-Modified = {2014-10-10 18:31:37 +0000},
	Journal = {Journal of Statistical Software},
	Number = {4},
	Pages = {1--37},
	Title = {Analyzing and visualizing state sequences in R with TraMineR},
	Volume = {40},
	Year = {2011}}

@webpage{NSC,
	Author = {NSC},
	Date-Added = {2014-10-09 16:32:38 +0000},
	Date-Modified = {2014-10-09 17:51:11 +0000},
	Keywords = {Clearinghouse, Transfer},
	Month = {October},
	Note = {http://www.studentclearinghouse.org/about/files/NSCFactsheet-2014-Ext.pdf},
	Title = {Clearinghouse Facts},
	Year = {2014},
	Bdsk-Url-1 = {http://www.studentclearinghouse.org/about/files/NSCFactsheet-2014-Ext.pdf}}

@article{Wu,
	Author = {Wu, Lawrence L},
	Date-Added = {2014-09-19 16:08:58 +0000},
	Date-Modified = {2014-09-19 16:09:11 +0000},
	Journal = {Sociological methods and research},
	Number = {1},
	Pages = {41--64},
	Publisher = {SAGE PUBLICATIONS INC},
	Title = {Some comments on" Sequence analysis and optimal matching methods in sociology: Review and prospect"},
	Volume = {29},
	Year = {2000}}

@book{abbott2001time,
	Address = {Chicago, IL},
	Author = {Abbott, Andrew},
	Date-Added = {2014-09-19 16:08:27 +0000},
	Date-Modified = {2015-04-29 12:53:46 +0000},
	Publisher = {University of Chicago Press},
	Title = {Time matters: On theory and method},
	Year = {2001}}

@article{lesnard2006optimal,
	Author = {Lesnard, Laurent},
	Date-Added = {2014-09-19 16:08:13 +0000},
	Date-Modified = {2014-09-19 16:08:13 +0000},
	Title = {Optimal matching and social sciences},
	Year = {2006}}

@article{lesnard2010setting,
	Author = {Lesnard, Laurent},
	Date-Added = {2014-09-19 16:07:52 +0000},
	Date-Modified = {2015-04-23 22:51:46 +0000},
	Journal = {Sociological Methods and Research},
	Number = {3},
	Pages = {389--419},
	Publisher = {Sage Publications},
	Title = {Setting cost in optimal matching to uncover contemporaneous socio-temporal patterns},
	Volume = {38},
	Year = {2010}}

@article{Elzinga,
	Author = {Elzinga, Cees H},
	Date-Added = {2014-09-19 16:06:25 +0000},
	Date-Modified = {2014-09-19 16:06:35 +0000},
	Journal = {Sociological Methods \&amp; Research},
	Number = {1},
	Pages = {3--29},
	Publisher = {Sage Publications},
	Title = {Sequence Similarity A Nonaligning Technique},
	Volume = {32},
	Year = {2003}}

@article{AbbottTsay,
	Author = {Abbott, Andrew and Tsay, Angela},
	Date-Added = {2014-09-19 16:05:16 +0000},
	Date-Modified = {2015-04-23 22:43:31 +0000},
	Journal = {Sociological Methods and Research},
	Number = {1},
	Pages = {3--33},
	Publisher = {Sage Publications},
	Title = {Sequence Analysis and Optimal Matching Methods in Sociology Review and Prospects},
	Volume = {29},
	Year = {2000}}

@article{Levine,
	Author = {Levine, Joel H},
	Date-Added = {2014-09-19 16:03:24 +0000},
	Date-Modified = {2015-04-28 01:25:31 +0000},
	Journal = {Sociological Methods and Research},
	Number = {1},
	Pages = {34--40},
	Publisher = {Sage Publications},
	Title = {But what have you done for us lately?: Commentary on Abbott and Tsay},
	Volume = {29},
	Year = {2000}}

@article{LevittNass,
	Author = {Levitt, Barbara and Nass, Clifford},
	Date-Added = {2014-09-19 16:00:36 +0000},
	Date-Modified = {2014-09-19 16:00:56 +0000},
	Journal = {Administrative Science Quarterly},
	Pages = {190--207},
	Publisher = {JSTOR},
	Title = {The lid on the garbage can: Institutional constraints on decision making in the technical core of college-text publishers},
	Year = {1989}}

@article{Stovel,
	Author = {Stovel, Katherine},
	Date-Added = {2014-09-19 15:57:39 +0000},
	Date-Modified = {2014-09-19 15:57:52 +0000},
	Journal = {Social Forces},
	Number = {3},
	Pages = {843--880},
	Publisher = {Oxford University Press},
	Title = {Local sequential patterns: The structure of lynching in the Deep South, 1882--1930},
	Volume = {79},
	Year = {2001}}

@article{BlairLoy,
	Author = {Blair-Loy, Mary},
	Date-Added = {2014-09-19 15:53:57 +0000},
	Date-Modified = {2015-04-28 01:07:44 +0000},
	Journal = {American Journal of Sociology},
	Month = {March},
	Number = {5},
	Pages = {1346--1397},
	Publisher = {The University of Chicago Press},
	Title = {Career Patterns of Executive Women in Finance: An Optimal Matching Analysis},
	Volume = {104},
	Year = {1999}}

@article{Studer,
	Author = {Matthias Studer},
	Date-Added = {2014-09-19 15:29:29 +0000},
	Date-Modified = {2014-09-19 15:29:29 +0000},
	Journal = {LIVES Working Papers},
	Title = {WeightedCluster Library Manual: A practical guide to creating typologies of trajectories in the social sciences with R.},
	Volume = {24},
	Year = {2013}}

@article{goldrab1,
	Author = {Sara Goldrick-Rab and Pfeffer, Fabian T.},
	Date-Added = {2014-09-19 15:29:14 +0000},
	Date-Modified = {2014-09-19 15:29:14 +0000},
	Journal = {Sociology of Education},
	Month = {April},
	Number = {2},
	Pages = {101-125},
	Title = {Beyond Access: Explaining Socioeconomic Differences in College Transfer},
	Volume = {82},
	Year = {2009}}

@manual{Gabadinho,
	Address = {http://mephisto.unige.ch/traminer},
	Author = {Gabadinho, A. and G. Ritschard and M. Studer and N. S. Mueller},
	Date-Added = {2014-09-19 15:29:08 +0000},
	Date-Modified = {2014-09-19 15:29:08 +0000},
	Organization = {University of Geneva},
	Title = {Mining sequence data in R with the TraMineR package: A user's guide},
	Year = {2010}}

@article{Jepsen,
	Author = {Jepsen, Christopher},
	Date-Added = {2013-11-25 05:34:03 +0000},
	Date-Modified = {2013-11-25 06:05:53 +0000},
	Journal = {Journal of Economics Letters},
	Pages = {155-160},
	Title = {Multinomial probit estimates of college completion at 2-year and 4-year schools},
	Volume = {98},
	Year = {2008}}

@article{Stamp,
	Author = {Stamp, Mark},
	Date-Added = {2013-11-25 05:31:47 +0000},
	Date-Modified = {2013-11-25 05:33:31 +0000},
	Title = {A Revealing Introduction to Hidden Markov Models}}

@article{GRab,
	Author = {Goldrick-Rab Sara},
	Date-Added = {2013-11-25 05:29:14 +0000},
	Date-Modified = {2013-11-25 05:30:35 +0000},
	Journal = {Sociology of Education},
	Month = {Jan},
	Number = {1},
	Pages = {61-79},
	Title = {Following Their Every Move: An Investigation of Social-Class Differences in College Pathways},
	Volume = {79},
	Year = {2006}}

@book{CLDV,
	Address = {Thousand Oaks},
	Author = {Long, J. Scott},
	Date-Added = {2013-11-25 05:26:56 +0000},
	Date-Modified = {2013-11-25 05:28:41 +0000},
	Publisher = {Sage Publications},
	Title = {Regression Models for Categorical and Limited Dependent Variables},
	Year = {1997}}

@article{Allison1,
	Author = {Allison, Paul D.},
	Date-Added = {2013-11-25 00:11:45 +0000},
	Date-Modified = {2013-11-25 00:13:16 +0000},
	Journal = {Sociological Methodology},
	Pages = {61-98},
	Title = {Discrete-Time Methods for the Analysis of Event Histories},
	Volume = {13},
	Year = {1982},
	Bdsk-File-1 = {YnBsaXN0MDDUAQIDBAUGJCVYJHZlcnNpb25YJG9iamVjdHNZJGFyY2hpdmVyVCR0b3ASAAGGoKgHCBMUFRYaIVUkbnVsbNMJCgsMDxJXTlMua2V5c1pOUy5vYmplY3RzViRjbGFzc6INDoACgAOiEBGABIAFgAdccmVsYXRpdmVQYXRoWWFsaWFzRGF0YV8QJy4uLy4uLy4uL0RvY3VtZW50cy9QaEQvQWxsaXNvbi5TTTgyLnBkZtIXCxgZV05TLmRhdGFPEQGcAAAAAAGcAAIAAAxNYWNpbnRvc2ggSEQAAAAAAAAAAAAAAAAAAADNZNKaSCsAAAAV+c8QQWxsaXNvbi5TTTgyLnBkZgAAAAAAAAAAAAAAAAAAAAAAAAAAAAAAAAAAAAAAAAAAAAAAAAAAAAAAAAAAAAAAABlrD863/+IAAAAAAAAAAAADAAMAAAkgAAAAAAAAAAAAAAAAAAAAA1BoRAAAEAAIAADNZQraAAAAEQAIAADOuEYyAAAAAQAQABX5zwAHpncAB6Z2AAIQ6QACAENNYWNpbnRvc2ggSEQ6VXNlcnM6AGFuZHJld3dhbGxhY2U6AERvY3VtZW50czoAUGhEOgBBbGxpc29uLlNNODIucGRmAAAOACIAEABBAGwAbABpAHMAbwBuAC4AUwBNADgAMgAuAHAAZABmAA8AGgAMAE0AYQBjAGkAbgB0AG8AcwBoACAASABEABIAMlVzZXJzL2FuZHJld3dhbGxhY2UvRG9jdW1lbnRzL1BoRC9BbGxpc29uLlNNODIucGRmABMAAS8AABUAAgAU//8AAIAG0hscHR5aJGNsYXNzbmFtZVgkY2xhc3Nlc11OU011dGFibGVEYXRhox0fIFZOU0RhdGFYTlNPYmplY3TSGxwiI1xOU0RpY3Rpb25hcnmiIiBfEA9OU0tleWVkQXJjaGl2ZXLRJidUcm9vdIABAAgAEQAaACMALQAyADcAQABGAE0AVQBgAGcAagBsAG4AcQBzAHUAdwCEAI4AuAC9AMUCZQJnAmwCdwKAAo4CkgKZAqICpwK0ArcCyQLMAtEAAAAAAAACAQAAAAAAAAAoAAAAAAAAAAAAAAAAAAAC0w==}}
